<?xml version="1.0" encoding="UTF-8"?><collection xmlns="http://www.loc.gov/MARC21/slim"><record><leader>00324nam--2200121-i-4500</leader><controlfield tag="001">000004739</controlfield><controlfield tag="002">20161230</controlfield><controlfield tag="005">20161230201026</controlfield><controlfield tag="008">060222s1000------------r-----000-0-eng-d</controlfield><datafield ind1=" " ind2=" " tag="100"><subfield code="a">Anderson, H.V</subfield></datafield><datafield ind1=" " ind2=" " tag="245"><subfield code="a">Chemical calculations. sixth edition</subfield></datafield><datafield ind1=" " ind2=" " tag="260"><subfield code="a">New York, Mcgraw-hill Book Co.Inc., 1955 Viii + 305 P</subfield></datafield><datafield ind1=" " ind2=" " tag="852"><subfield code="a">14565</subfield></datafield></record></collection>